% Encoding: UTF-8

@Article{LeCun2015,
  author  = {LeCun, Yann and Bengio, Y. and Hinton, Geoffrey},
  journal = {Nature},
  title   = {Deep {Learning}},
  year    = {2015},
  pages   = {436--44},
  volume  = {521},
  doi     = {10.1038/nature14539},
}

@Comment{jabref-meta: databaseType:bibtex;}
